<collection xmlns="http://www.loc.gov/MARC21/slim">
<record>
  <leader>01324nam0a2200253 i 450 </leader>
  <controlfield tag="001">IT\ICCU\CNCE\024092</controlfield>
  <controlfield tag="005">20131202000000.0</controlfield>
  <datafield tag="012" ind1=" " ind2=" ">
    <subfield code="a">e-on n-so oro- catr (3) 1585 (A)</subfield>
    <subfield code="2">fei</subfield>
  </datafield>
  <datafield tag="100" ind1=" " ind2=" ">
    <subfield code="a">19970725d1585        0itac0103    ba</subfield>
  </datafield>
  <datafield tag="101" ind1=" " ind2=" ">
    <subfield code="a">ITA</subfield>
    <subfield code="a">LAT</subfield>
  </datafield>
  <datafield tag="102" ind1=" " ind2=" ">
    <subfield code="a">IT</subfield>
  </datafield>
  <datafield tag="200" ind1="1" ind2=" ">
    <subfield code="a">Prima parte del oratorio spirituale per tutta la settimana, da ottener la gratia di Dio, et vincere le tentationi del demonio. Con una confessione ..., &amp; altre orationi. Del m.r.p.m. Trebatio Mareotti Penna franciscano theologo del vescouo d&apos;Iurea</subfield>
  </datafield>
  <datafield tag="210" ind1=" " ind2=" ">
    <subfield code="e">In Iurea</subfield>
    <subfield code="g">appresso Bartolomeo Cauallo</subfield>
    <subfield code="h">1585</subfield>
  </datafield>
  <datafield tag="215" ind1=" " ind2=" ">
    <subfield code="a">\8!, 128 c.</subfield>
    <subfield code="c">ill.</subfield>
    <subfield code="d">8ʻ</subfield>
  </datafield>
  <datafield tag="620" ind1=" " ind2=" ">
    <subfield code="a">IT</subfield>
    <subfield code="d">Ivrea</subfield>
  </datafield>
  <datafield tag="700" ind1=" " ind2="1">
    <subfield code="a">Mareotti,</subfield>
    <subfield code="b">Trebazio</subfield>
    <subfield code="3">IT\ICCU\CNCA\007021</subfield>
  </datafield>
  <datafield tag="712" ind1="0" ind2="0">
    <subfield code="a">Cavallo, Bartolomeo</subfield>
    <subfield code="3">IT\ICCU\CNCT\002254</subfield>
    <subfield code="4">650</subfield>
  </datafield>
  <datafield tag="790" ind1=" " ind2="1">
    <subfield code="a">Marecoccius,</subfield>
    <subfield code="b">Trebatius</subfield>
    <subfield code="3">IT\ICCU\CNCA\020931</subfield>
    <subfield code="z">Mareotti, Trebazio</subfield>
  </datafield>
  <datafield tag="790" ind1=" " ind2="1">
    <subfield code="a">Mareoctus,</subfield>
    <subfield code="b">Trebatius</subfield>
    <subfield code="3">IT\ICCU\CNCA\020932</subfield>
    <subfield code="z">Mareotti, Trebazio</subfield>
  </datafield>
  <datafield tag="790" ind1=" " ind2="1">
    <subfield code="a">Mareotti Dalla Penna,</subfield>
    <subfield code="b">Trebazio</subfield>
    <subfield code="3">IT\ICCU\CNCA\020933</subfield>
    <subfield code="z">Mareotti, Trebazio</subfield>
  </datafield>
  <datafield tag="801" ind1=" " ind2="3">
    <subfield code="a">IT</subfield>
    <subfield code="b">ICCU</subfield>
    <subfield code="c">20201114</subfield>
  </datafield>
  <datafield tag="899" ind1=" " ind2=" ">
    <subfield code="a">Biblioteca diocesana. Ivrea</subfield>
    <subfield code="1">TO0111</subfield>
    <subfield code="2">TO0 92</subfield>
  </datafield>
  <datafield tag="911" ind1=" " ind2=" ">
    <subfield code="a">Nel coloph.</subfield>
    <subfield code="9">IT\ICCU\CNCM\001336</subfield>
  </datafield>
  <datafield tag="921" ind1=" " ind2=" ">
    <subfield code="a">IT\ICCU\CNCM\001336</subfield>
    <subfield code="b">Pegaso colpisce con uno zoccolo la roccia da cui scaturisce una sorgente. In cornice figurata</subfield>
    <subfield code="e">Fama sub aetera volat</subfield>
    <subfield code="c">U294</subfield>
    <subfield code="f">PEGASO</subfield>
    <subfield code="f">FAMASUBAET</subfield>
    <subfield code="g">1585</subfield>
  </datafield>
</record>
</collection>
